@online{visualise_boolean,
    author = "ELPROCUS",
    title = "Introduction to Combinational Logic Circuits",
    url  = "https://www.elprocus.com/introduction-to-combinational-logic-circuits/",
    addendum = "(accessed: 10.11.2021)",
}

@online{issie_repo,
    title = "Issie - an intuitive cross-platform hardware design application.",
    url  = "https://github.com/tomcl/issie",
    addendum = "(accessed: 10.11.2021)",
}

@online{comblog_wiki,
    title = "Combinational Logic",
    url  = "https://en.wikipedia.org/wiki/Combinational_logic",
    addendum = "(accessed: 10.11.2021)",
}

@misc{boolalg_laws,
    author = "Zahid Durrani",
    title = "Lecture 4: Boolean Algebra",
    month = "October",
    year = "2018",
    addendum = "(accessed: 11.11.2021)",
}

@article{memory_model,
    author = "Kenneth J. Malmberg and Jeroen G. Raaijmakers and Richard M. Shiffrin",
    title = "50 years of research sparked by Atkinson and Shiffrin",
    journal = "Memory and Cognition",
    volume = "47",
    pages = "561--574",
    year = "2019",
    DOI = "https://doi.org/10.3758/s13421-019-00896-7",
}

@masterthesis{marco_diss,
    author = "Marco Selvatici",
    title = "DEflow: An Extensible Hardware Design Platform for Teaching Digital Electronics",
    school = "Imperial College London",
    year = "2020"
}

@online{robust,
    title = "A model-based approach for robustness testing",
    url  = "https://dl.ifip.org/db/conf/pts/testcom2005/FernandezMP05.pdf",
    addendum = "(accessed: 03.01.2022)",
}

@online{multi_store,
    title = "Multi-Store Model of Memory",
    author = "Saul McLeod",
    year = "2021",
    url  = "https://www.simplypsychology.org/multi-store.html",
    addendum = "(accessed: 03.01.2022)",
}

@article{motivation,
    author = "Guay, Frederic and Larose, Simon and Boivin, Michel",
    year = "2004",
    month = "01",
    pages = "53-68",
    title = "Academic Self-concept and Educational Attainment Level: A Ten-year Longitudinal Study",
    volume = "3",
    journal = "Self and Identity - SELF IDENTITY",
    doi = "10.1080/13576500342000040"
}

@online{construct,
    title = "Constructivism as a theory for teaching and learning",
    author = "Saul McLeod",
    year = "2019",
    url  = "https://www.simplypsychology.org/constructivism.html",
    addendum = "(accessed: 04.01.2022)"
}

@inproceedings{Fleming1992,
  title= "Not Another Inventory, Rather a Catalyst for Reflection",
  author="Neil Fleming and Colleen E. Mills",
  year="1992",
  url = "https://vark-learn.com/wp-content/uploads/2014/08/not_another_inventory.pdf",
  addendum = "(accessed: 04.01.2022)"
}

@article{vark_engineers,
    author = "Burcu Devrim Ictenbas and Hande Eryilmazb",
    year = "2011",
    pages = "342-346",
    title = "Determining Learning Styles of Engineering Students to Improve the Design of a Service Course ",
    volume = "28",
    journal = "Procedia - Social and Behavioral Sciences",
    doi = "https://doi.org/10.1016/j.sbspro.2011.11.065"
}

@online{fsharp,
    title = "What is F\fsharp",
    author = "Phillip Carter and Don Syme and Nick Schonning",
    year = "2021",
    url  = "https://docs.microsoft.com/en-us/dotnet/fsharp/what-is-fsharp",
    addendum = "(accessed: 10.01.2022)"
}

@article{functionaldebug,
    author = "Ray, Baishakhi and Posnett, Daryl and Devanbu, Premkumar and Filkov, Vladimir",
    title = "A Large-Scale Study of Programming Languages and Code Quality in GitHub",
    year = "2017",
    issue_date = "October 2017",
    publisher = "Association for Computing Machinery",
    address = "New York, NY, USA",
    volume = "60",
    number = "10",
    issn = "0001-0782",
    url = "https://doi.org/10.1145/3126905",
    doi = "10.1145/3126905",
    journal = "Commun. ACM",
    month = "September",
    pages = "91â€“100",
    numpages = "10"
}

@online{electrondocs,
    title = "Electron Docs",
    author = "Github",
    year = "2021",
    url  = "https://www.electronjs.org/docs/latest",
    addendum = "(accessed: 11.01.2022)"
}

@online{fableio,
    title = "Fable: JavaScript you can be proud of!",
    url  = "https://fable.io/",
    addendum = "(accessed: 11.01.2022)"
}

@online{reactjs,
    title = "React: A JavaScript library for building user interfaces",
    year = "2022",
    url  = "https://reactjs.org/",
    addendum = "(accessed: 11.01.2022)"
}

@online{elmarch,
    title = "The Elm Architecture",
    year = "2022",
    url  = "https://guide.elm-lang.org/architecture/",
    addendum = "(accessed: 11.01.2022)"
}

@online{elm,
    title = "Introduction to Elm",
    year = "2022",
    url  = "https://guide.elm-lang.org/",
    addendum = "(accessed: 11.01.2022)"
}

@online{elmishdocs,
    title = "Elmish",
    year = "2022",
    url  = "https://elmish.github.io/elmish/",
    addendum = "(accessed: 11.01.2022)"
}

@online{virtualdom,
    title = "Virtual DOM",
    author = "Pawan Poudel",
    year = "2018",
    url  = "https://elmprogramming.com/virtual-dom.html",
    addendum = "(accessed: 12.01.2022)"
}

@online{reactrender,
    title = "Rendering Elements",
    year = "2022",
    url  = "https://reactjs.org/docs/rendering-elements.html",
    addendum = "(accessed: 12.01.2022)"
}

@online{fulmaio,
    title = "Fulma",
    year = "2022",
    url  = "https://fulma.github.io/Fulma/",
    addendum = "(accessed: 12.01.2022)"
}

@online{bulmaio,
    title = "Bulma",
    year = "2022",
    url  = "https://bulma.io/",
    addendum = "(accessed: 12.01.2022)"
}

@online{fulmatable,
    title = "Fulma Table Example",
    year = "2022",
    url  = "https://fulma.github.io/Fulma/#fulma/elements/table",
    addendum = "(accessed: 12.01.2022)"
}

@online{uiconsistency,
    title = "Why Consistency Is So Incredibly Important In UI Design",
    author = "Maria De La Riva",
    year = "2021",
    url  = "https://careerfoundry.com/en/blog/ui-design/the-importance-of-consistency-in-ui-design/",
    addendum = "(accessed: 15.01.2022)"
}

@INBOOK{gregg_boolean,  
    author={Gregg, John R.},  
    booktitle={Ones and Zeros: Understanding Boolean Algebra, Digital Circuits, and the Logic of Sets},   
    title={The Basic Functions of Boolean Algebra: AND, OR, and NOT},   
    year={1998},  
    volume={},  
    number={},  
    pages={22-36},  
    doi={10.1109/9780470545423.ch1}}

@book{1969logic,
  title={Logic Circuits},
  author = {Noel Malcom Morris},
  url={https://books.google.co.uk/books?id=4T7jVPmu4OcC},
  year={1969}
}

@INBOOK{Voorhees2020,
    author= "Voorhees, David P.",
    title= "Introduction to Software Design",
    bookTitle="Guide to Efficient Software Design: An MVC Approach to Concepts, Structures, and Models ",
    year="2020",
    publisher="Springer International Publishing",
    address="Cham",
    pages="1--15",
    isbn="978-3-030-28501-2",
    doi="10.1007/978-3-030-28501-2_1",
    url="https://doi.org/10.1007/978-3-030-28501-2_1"
}

@book{alma9955899676101591,
    address = {Berlin, Heidelberg},
    booktitle = {Agile Software Development Current Research and Future Directions},
    edition = {1st ed. 2010.},
    isbn = {1-282-92565-2},
    language = {eng},
    publisher = {Springer Berlin Heidelberg},
    title = {Agile Software Development Current Research and Future Directions },
    year = {2010},
}

@article{CHOW2008961,
    title = {A survey study of critical success factors in agile software projects},
    journal = {Journal of Systems and Software},
    volume = {81},
    number = {6},
    pages = {961-971},
    year = {2008},
    note = {Agile Product Line Engineering},
    issn = {0164-1212},
    doi = {https://doi.org/10.1016/j.jss.2007.08.020},
    url = {https://www.sciencedirect.com/science/article/pii/S0164121207002208},
    author = {Tsun Chow and Dac-Buu Cao},
}

@techreport{mepCW,
    author = "Aditya Deshpande",
    title = "Comparing and Contrasting the more traditional PRINCE2 and newer Agile project management methods",
    institution = "Imperial College London",
    year = "2021",
    addendum = "Unpublished essay for Managing Engineering Projects module coursework"
}

@online{backlog,
    title = "Stories, epics, and initiatives",
    author = "Max Rehkopf",
    year = "2022",
    url  = "https://www.atlassian.com/agile/project-management/epics-stories-themes",
    addendum = "(accessed: 18.01.2022)"
}

@online{ListFuns,
    title = "List Modules",
    year = "2022",
    url  = "https://fsharp.github.io/fsharp-core-docs/reference/fsharp-collections-listmodule.html",
    addendum = "(accessed: 20.01.2022)"
}

@book{projectmanagement,
    address = {Victoria, B.C.},
    booktitle = {Project Management},
    isbn = {978-1-77420-013-1},
    language = {eng},
    title = {Project Management },
    year = {2014},
}

@article{interactiveWu,
    author = { Guohua   Wu   Ph.D.  and  Guohua   Wu   Ph.D. },
    title = {Conceptualizing and Measuring the Perceived Interactivity of Websites},
    journal = {Journal of Current Issues \& Research in Advertising},
    volume = {28},
    number = {1},
    pages = {87-104},
    year  = {2006},
    publisher = {Routledge},
    doi = {10.1080/10641734.2006.10505193},
    url = { 
            https://doi.org/10.1080/10641734.2006.10505193  
    },
    eprint = { 
            https://doi.org/10.1080/10641734.2006.10505193
    }

}

@inproceedings{Miller1968ResponseTI,
  title={Response time in man-computer conversational transactions},
  author={Robert B. Miller},
  booktitle={AFIPS '68 (Fall, part I)},
  year={1968}
}

@online{reactcache,
    title = "Options for optimizing caching in React",
    author = "Kasra Khosravi",
    year = "2021",
    url  = "https://blog.logrocket.com/options-caching-react",
    addendum = "(accessed: 25.01.2022)"
}

@online{arm_modular,
    title = "Modular Programming",
    author = "Arm",
    year = "2019",
    url  = "https://www.keil.com/support/man/docs/a251/a251_in_modular.htm",
    addendum = "(accessed: 15.05.2022)"
}

@phdthesis{hm_typesis,
  author  = "Luis Manuel Martins Damas",
  title   = "Type Assignment in Programming Languages ",
  school  = "University of Edinburgh",
  address = "Edinburgh, Scotland, UK",
  year    = 1984
}

@article{clr_mag,
  author   = "Luke Hoban",
  title    = "CLR Inside Out - F\fsharp Fundamentals",
  journal  = "MSDN Magazine",
  year     = 2010,
  volume   = "25",
  number   = "6"
}

@online{webapps,
    title = "WEB APPS VS NATIVE DESKTOP APPS",
    author = "Brian Geary",
    year = "2018",
    url  = "https://www.andplus.com/blog/web-apps-vs-native-desktop-apps",
    addendum = "(accessed: 15.05.2022)"
}

@online{mustdecisions,
    title = "9 Must Decisions in Desktop Application Development for Windows",
    author = "Michael Shpilt",
    year = "2018",
    url  = "https://michaelscodingspot.com/9-must-decisions-in-desktop-application-development-for-windows/",
    addendum = "(accessed: 15.05.2022)"
}

@online{roryok,
    title = "Electron memory usage compared to other cross-platform frameworks",
    year = "2017",
    url  = "http://roryok.com/blog/2017/08/electron-memory-usage-compared-to-other-cross-platform-frameworks/",
    addendum = "(accessed: 15.05.2022)"
}

@thesis{mvuthesis,
  author  = "Thomas Bandt",
  title   = "Suitability of functional programming for the development of mobile applications: A comparison of F\fsharp and C\fsharp involving Xamarin",
  school  = "IUBH University of Applied Sciences",
  address = "Bad Honnef, Germany",
  year    = "2019",
  addendum = "(DOI: http://dx.doi.org/10.2139/ssrn.3459433)"
}

@article{muxtables,
author = {Mishra, Meenakshi and Akashe, Shyam},
year = {2013},
month = {03},
pages = {},
title = {High performance, low power 200 Gb/s 4:1 MUX with TGL in 45 nm technology},
volume = {4},
journal = {Applied Nanoscience},
doi = {10.1007/s13204-013-0206-0}
}


@book{kmapbook,
	address = {New York, NY},
	author = {Hsu, John Y.},
	booktitle = {Computer Logic Design Principles and Applications},
	edition = {1st ed. 2002.},
	isbn = {1-4613-0047-9},
	keywords = {Input-output equipment (Computers)},
	language = {eng},
	publisher = {Springer New York},
	title = {Computer Logic Design Principles and Applications},
	year = {2002}
}


@article{espresso,
	author = {McGeer, P.C and Sanghavi, J.V and Brayton, R.K and Sangiovanni-Vicentelli, A.L},
	copyright = {Copyright 2015 Elsevier B.V., All rights reserved.},
	issn = {1063-8210},
	journal = {IEEE transactions on very large scale integration (VLSI) systems},
	keywords = {Circuits ; Concrete ; Logic functions ; Minimization methods ; Modems},
	language = {eng},
	number = {4},
	pages = {432-440},
	publisher = {IEEE},
	title = {ESPRESSO-SIGNATURE: a new exact minimizer for logic functions},
	volume = {1},
	year = {1993}
}

@online{espressoinputs,
    title = "Input file format for Espresso (PLA-file)",
    url  = "http://user.engineering.uiowa.edu/~switchin/OldSwitching/espresso.5.html",
    author = "The University of Iowa",
    addendum = "(accessed: 03.06.2022)"
}

@manual{timux,
    organization  = "Texas Instruments",
    title         = "Three-input Multiplexer Datasheet",
    number        = "CD74AC251, CD74ACT251 ",
    year          =  1998,
    month         =  August
}

@online{dutypes,
    title = "Discriminated Unions",
    url  = "https://docs.microsoft.com/en-us/dotnet/fsharp/language-reference/discriminated-unions",
    author = "Microsoft",
    addendum = "(accessed: 05.06.2022)"
}

@online{fsmaps,
    title = "Map<'Key, 'Value> Type",
    url  = "https://fsharp.github.io/fsharp-core-docs/reference/fsharp-collections-fsharpmap-2.html",
    addendum = "(accessed: 05.06.2022)"
}

@online{sequences,
    title = "Sequences",
    url  = "https://docs.microsoft.com/en-us/dotnet/fsharp/language-reference/sequences",
    author = "Microsoft",
    addendum = "(accessed: 06.06.2022)"
}

@article{lazyeval,
author = {Hudak, Paul},
title = {Conception, Evolution, and Application of Functional Programming Languages},
year = {1989},
issue_date = {Sep. 1989},
publisher = {Association for Computing Machinery},
address = {New York, NY, USA},
volume = {21},
number = {3},
issn = {0360-0300},
url = {https://doi.org/10.1145/72551.72554},
doi = {10.1145/72551.72554},
journal = {ACM Comput. Surv.},
month = {sep},
pages = {359â€“411},
numpages = {53}
}

@online{cssgrids,
    title = "A Complete Guide to Grid",
    url  = "https://css-tricks.com/snippets/css/complete-guide-grid/",
    author = "Chris House",
    year = "2022",
    month = "March",
    day = "08",
    addendum = "(accessed: 12.06.2022)"
}

@online{zebrastripes,
    title = "Zebra Striping: More Data for the Case",
    url  = "https://alistapart.com/article/zebrastripingmoredataforthecase/",
    author = "Jessica Enders",
    year = "2008",
    month = "September",
    day = "10",
    addendum = "(accessed: 12.06.2022)"
}

 @article{jÃ¤ger_rogers_2012, 
    title={Formal language theory: Refining the chomsky hierarchy}, 
    volume={367}, DOI={10.1098/rstb.2012.0077}, 
    number={1598}, journal={Philosophical Transactions of the Royal Society B: Biological Sciences}, 
    author={JÃ¤ger, Gerhard and Rogers, James}, 
    year={2012}, pages={1956â€“1970}
}

@inbook{bnf,
author = {McCracken, Daniel D. and Reilly, Edwin D.},
title = {Backus-Naur Form (BNF)},
year = {2003},
isbn = {0470864125},
publisher = {John Wiley and Sons Ltd.},
address = {GBR},
booktitle = {Encyclopedia of Computer Science},
pages = {129â€“131},
numpages = {3}
}